@inproceedings{DBLP:conf/semweb/MichelfeitK12,
  author    = {Jan Michelfeit and Tomas Knap},
  title     = {{Linked Data Fusion in ODCleanStore}},
  booktitle = {International Semantic Web Conference (Posters {\&} Demos)},
  year      = {2012},
  ee        = {http://ceur-ws.org/Vol-914/paper_37.pdf},
  bibsource = {DBLP, http://dblp.uni-trier.de}
}

@inproceedings{DBLP:conf/compsac/KnapMN12,
  author    = {Tomas Knap and Jan Michelfeit and
               Martin Necask{\'y}},
  title     = {{Linked Open Data Aggregation: Conflict Resolution and Aggregate
               Quality}},
  booktitle = {COMPSAC Workshops},
  year      = {2012},
  pages     = {106-111},
  ee        = {http://doi.ieeecomputersociety.org/10.1109/COMPSACW.2012.29},
  bibsource = {DBLP, http://dblp.uni-trier.de}
}

@inproceedings{DBLP:conf/wise/KnapMDJRSN12,
  author    = {Tomas Knap and
               Jan Michelfeit and
               Jakub Daniel and
               Petr Jerman and
               Dusan Rychnovsk{\'y} and
               Tom{\'a}s Soukup and
               Martin Necask{\'y}},
  title     = {{ODCleanStore: A Framework for Managing and Providing Integrated
               Linked Data on the Web}},
  booktitle = {WISE},
  year      = {2012},
  pages     = {815-816},
  ee        = {http://dx.doi.org/10.1007/978-3-642-35063-4_74},
  bibsource = {DBLP, http://dblp.uni-trier.de}
}